<?xml version = "1.0" encoding = "UTF-8"?><OAI-PMH xmlns="http://www.openarchives.org/OAI/2.0/" xmlns:xsi="http://www.w3.org/2001/XMLSchema-instance" xsi:schemaLocation="http://www.openarchives.org/OAI/2.0/ http://www.openarchives.org/OAI/2.0/OAI-PMH.xsd"><ListRecords><record><header><identifier>aleph-publish:016396117</identifier></header><metadata><record xmlns="http://www.ddb.de/professionell/mabxml/mabxml-1.xsd"><leader>------M2.01200024------u</leader><controlfield tag="LDR">------M2.01200024------u</controlfield><controlfield tag="FMT">MU</controlfield><datafield tag="001" ind1="-" ind2="1"><subfield code="a">HT015373288</subfield></datafield><datafield tag="001" ind1="-" ind2="2"><subfield code="a">HT013585941</subfield></datafield><datafield tag="002" ind1="a" ind2="1"><subfield code="a">20071210</subfield></datafield><datafield tag="002" ind1="a" ind2="2"><subfield code="a">20030220</subfield></datafield><datafield tag="003" ind1="-" ind2="1"><subfield code="a">20210409003201.0</subfield></datafield><datafield tag="003" ind1="-" ind2="2"><subfield code="a">20210408125149.0</subfield></datafield><datafield tag="010" ind1="-" ind2="1"><subfield code="a">HT013585941</subfield></datafield><datafield tag="025" ind1="o" ind2="1"><subfield code="a">1074554793</subfield></datafield><datafield tag="025" ind1="o" ind2="2"><subfield code="a">1071218029</subfield></datafield><datafield tag="026" ind1="-" ind2="1"><subfield code="a">HBZHT015373288</subfield></datafield><controlfield tag="030">a|1uc||||||||</controlfield><datafield tag="036" ind1="a" ind2="2"><subfield code="a">DE</subfield></datafield><datafield tag="037" ind1="b" ind2="2"><subfield code="a">ger</subfield></datafield><controlfield tag="050">a|||||||||||||</controlfield><datafield tag="064" ind1="a" ind2="1"><subfield code="a">Karte</subfield><subfield code="9">(DE-588)4029783-4</subfield></datafield><datafield tag="064" ind1="a" ind2="2"><subfield code="a">Karte</subfield><subfield code="9">(DE-588)4029783-4</subfield></datafield><datafield tag="070" ind1="-" ind2="1"><subfield code="a">38</subfield></datafield><datafield tag="070" ind1="-" ind2="2"><subfield code="a">61</subfield></datafield><datafield tag="070" ind1="b" ind2="1"><subfield code="a">6</subfield></datafield><datafield tag="070" ind1="b" ind2="2"><subfield code="a">51</subfield></datafield><datafield tag="078" ind1="n" ind2="1"><subfield code="a">NWBib-6</subfield></datafield><datafield tag="078" ind1="n" ind2="2"><subfield code="a">NWBib-61</subfield></datafield><datafield tag="080" ind1="-" ind2="1"><subfield code="a">60</subfield></datafield><datafield tag="080" ind1="-" ind2="2"><subfield code="a">60</subfield></datafield><controlfield tag="089">Stadt Remscheid</controlfield><datafield tag="090" ind1="-" ind2="1"><subfield code="a">Remsch</subfield></datafield><datafield tag="200" ind1="b" ind2="2"><subfield code="k">Landesbetrieb Straßenbau Nordrhein-Westfalen</subfield><subfield code="9">(DE-588)10038530-8</subfield></datafield><datafield tag="201" ind1="-" ind2="2"><subfield code="k">Landesbetrieb Straßenbau NRW</subfield></datafield><datafield tag="201" ind1="-" ind2="2"><subfield code="k">Straßen.NRW</subfield></datafield><datafield tag="201" ind1="-" ind2="2"><subfield code="k">Straßen NRW</subfield></datafield><datafield tag="331" ind1="-" ind2="2"><subfield code="a">Rad-Verkehrsnetz NRW</subfield></datafield><datafield tag="359" ind1="-" ind2="2"><subfield code="a">[Kartographie: Landesbetrieb Straßenbau NRW ...]</subfield></datafield><datafield tag="370" ind1="a" ind2="2"><subfield code="a">Radverkehrsnetz NRW</subfield></datafield><datafield tag="403" ind1="-" ind2="1"><subfield code="a">Stand: Juni 2007</subfield></datafield><datafield tag="410" ind1="-" ind2="2"><subfield code="a">[Düsseldorf]</subfield></datafield><datafield tag="412" ind1="-" ind2="2"><subfield code="a">Ministerium für Verkehr, Energie und Landesplanung des Landes Nordrhein-Westfalen</subfield></datafield><datafield tag="425" ind1="-" ind2="1"><subfield code="a">[2007]</subfield></datafield><datafield tag="425" ind1="b" ind2="2"><subfield code="a">2002</subfield></datafield><datafield tag="425" ind1="a" ind2="1"><subfield code="a">2007</subfield></datafield><datafield tag="433" ind1="-" ind2="1"><subfield code="a">1 Kt.</subfield></datafield><datafield tag="434" ind1="-" ind2="1"><subfield code="a">mehrfarb.</subfield></datafield><datafield tag="435" ind1="-" ind2="1"><subfield code="a">58 x 83 cm, gefaltet 12 x 21 cm</subfield></datafield><datafield tag="451" ind1="-" ind2="2"><subfield code="a">mobil: nrw</subfield></datafield><datafield tag="461" ind1="-" ind2="2"><subfield code="a">Straßen. NRW.</subfield></datafield><datafield tag="501" ind1="-" ind2="1"><subfield code="a">Mit Bildern und Texten</subfield></datafield><datafield tag="700" ind1="n" ind2="1"><subfield code="a">Remscheid</subfield><subfield code="0">https://nwbib.de/spatial#Q3097</subfield></datafield><datafield tag="700" ind1="n" ind2="1"><subfield code="a">Karten</subfield><subfield code="0">https://nwbib.de/subjects#N126000</subfield></datafield><datafield tag="700" ind1="n" ind2="1"><subfield code="a">Straßenverkehr</subfield><subfield code="0">https://nwbib.de/subjects#N553000</subfield></datafield><datafield tag="700" ind1="n" ind2="2"><subfield code="a">Nordrhein-Westfalen</subfield><subfield code="0">https://nwbib.de/spatial#N01</subfield></datafield><datafield tag="700" ind1="n" ind2="2"><subfield code="a">Karten</subfield><subfield code="0">https://nwbib.de/subjects#N126000</subfield></datafield><datafield tag="700" ind1="n" ind2="2"><subfield code="a">Straßenverkehr</subfield><subfield code="0">https://nwbib.de/subjects#N553000</subfield></datafield><datafield tag="902" ind1="-" ind2="1"><subfield code="g">Remscheid</subfield><subfield code="9">(DE-588)4049447-0</subfield></datafield><datafield tag="902" ind1="-" ind2="1"><subfield code="s">Radfahrerverkehr</subfield><subfield code="9">(DE-588)4076473-4</subfield></datafield><datafield tag="902" ind1="-" ind2="1"><subfield code="s">Straßennetz</subfield><subfield code="9">(DE-588)4057912-8</subfield></datafield><datafield tag="902" ind1="-" ind2="2"><subfield code="g">Nordrhein-Westfalen</subfield><subfield code="9">(DE-588)4042570-8</subfield></datafield><datafield tag="902" ind1="-" ind2="2"><subfield code="s">Radfahrerverkehr</subfield><subfield code="9">(DE-588)4076473-4</subfield></datafield><datafield tag="902" ind1="-" ind2="2"><subfield code="s">Straßennetz</subfield><subfield code="9">(DE-588)4057912-8</subfield></datafield><controlfield tag="SYS">016396117</controlfield><datafield tag="LOW" ind1="-" ind2="1"><subfield code="a">K0001</subfield></datafield><datafield tag="952" ind1="-" ind2="1"><subfield code="k">Remscheid</subfield><subfield code="b">Rat</subfield></datafield><datafield tag="952" ind1="-" ind2="1"><subfield code="k">Remscheid</subfield><subfield code="b">Oberstadtdirektor</subfield></datafield><datafield tag="952" ind1="-" ind2="1"><subfield code="k">Remscheid</subfield><subfield code="b">Statistische Abteilung</subfield></datafield><datafield tag="952" ind1="-" ind2="1"><subfield code="k">Remscheid</subfield><subfield code="b">Stadtverwaltung</subfield></datafield><datafield tag="952" ind1="-" ind2="1"><subfield code="k">Remscheid</subfield><subfield code="b">Abteilung für Öffentlichkeitsarbeit</subfield></datafield><datafield tag="952" ind1="-" ind2="1"><subfield code="k">Remscheid</subfield><subfield code="b">Oberbürgermeisterin</subfield></datafield><datafield tag="952" ind1="-" ind2="1"><subfield code="g">Groß-Remscheid</subfield></datafield><datafield tag="952" ind1="-" ind2="1"><subfield code="g">RS</subfield></datafield><datafield tag="952" ind1="-" ind2="1"><subfield code="g">Stadt Remscheid</subfield></datafield><datafield tag="952" ind1="-" ind2="1"><subfield code="s">Fahrradverkehr</subfield></datafield><datafield tag="952" ind1="-" ind2="1"><subfield code="s">Radverkehr</subfield></datafield><datafield tag="952" ind1="-" ind2="1"><subfield code="s">Radfahren</subfield><subfield code="x">Verkehr</subfield></datafield><datafield tag="952" ind1="-" ind2="1"><subfield code="s">Veloverkehr</subfield></datafield><datafield tag="952" ind1="-" ind2="2"><subfield code="g">Nord-Westphalie</subfield></datafield><datafield tag="952" ind1="-" ind2="2"><subfield code="g">Norte-Westfalia</subfield></datafield><datafield tag="952" ind1="-" ind2="2"><subfield code="g">NRW</subfield></datafield><datafield tag="952" ind1="-" ind2="2"><subfield code="g">North Rhine-Westphalia</subfield></datafield><datafield tag="952" ind1="-" ind2="2"><subfield code="g">NW</subfield></datafield><datafield tag="952" ind1="-" ind2="2"><subfield code="g">Noordrijn-Westfalen</subfield></datafield><datafield tag="952" ind1="-" ind2="2"><subfield code="g">North-Rhine/Westphalia</subfield></datafield><datafield tag="952" ind1="-" ind2="2"><subfield code="g">Land Nordrhein-Westfalen</subfield></datafield><datafield tag="952" ind1="-" ind2="2"><subfield code="s">Fahrradverkehr</subfield></datafield><datafield tag="952" ind1="-" ind2="2"><subfield code="s">Radverkehr</subfield></datafield><datafield tag="952" ind1="-" ind2="2"><subfield code="s">Radfahren</subfield><subfield code="x">Verkehr</subfield></datafield><datafield tag="952" ind1="-" ind2="2"><subfield code="s">Veloverkehr</subfield></datafield><datafield tag="088" ind1=" " ind2=" "><subfield code="a">38</subfield><subfield code="b">00000001</subfield><subfield code="c">11Q577</subfield><subfield code="e">ILL Ausleihe</subfield></datafield><datafield tag="088" ind1=" " ind2=" "><subfield code="a">61</subfield><subfield code="b">00L</subfield><subfield code="c">pfl/c9654(1)</subfield><subfield code="e">Praesenzbestand</subfield></datafield></record></metadata></record></ListRecords></OAI-PMH>